
@inproceedings{SoccerCV2013,
    author = {Lu, Chun-Wei and Lin, Chih-Yang and Hsu, Chao-Yong and Weng, Ming-Fang and Kang, Li-Wei and Liao, Hong-yuan},
    title = {Identification and tracking of players in sport videos},
    booktitle = {Proceedings of the Fifth International Conference on Internet Multimedia Computing and Service},
    year = {2013},
    pages = {113-116}
}